@book{isaacs2005aproximacion,
  title={Aproximaci{\'o}n al {\'a}lgebra lineal: un enfoque geom{\'e}trico},\url={http://matematicas.uis.edu.co/sites/default/files/paginas/archivos/l_lineal.pdf},
  author={Isaacs, Rafael and Sabogal, Sonia},
  year={2005},
  publisher={Ediciones UIS}}

@book{anton2014elementary,
  title={Elementary linear algebra: applications version}, edition={11},
  author={Anton, Howard and Rorres, Chris},
  year={2014},
  publisher={John Wiley \& Sons}}

 @book{andreescu2014complex, title={Complex numbers from a to ... Z}, url={https://link.springer.com/book/10.1007/978-0-8176-8415-0}, publisher={Birkhäuser Boston}, author={Andreescu, Titu and Andrica, Dorin},year={2014}},edition={2} }
 
@book{grossman2012Algebralineal7,
author = {Grossman, Stanley and Flores Godoy, José Job.},
address = {México},
edition = {7},
isbn = {978-607-15-0760-0},
keywords = {ÁLGEBRA LINEAL -- EJERCICIOS, ETC. -- PROBLEMAS},
language = {spa},
publisher = {McGraw-Hill},
title = {Álgebra Lineal},
year = {2012}}

@book{espinoza2006Algebralineal,
author={Espinoza Ramos, Eduardo },
adress={Lima Perú},
edition={2},
language={spa},
publisher={Editorial Eduardo Espinoza Ramos},
title={Álgebra lineal para estudiantes de ciencias e ingenierías},
year={2006}}

@misc{yutsumura,
  title = {Problems in Mathematics},
  author={Tsumura, Yu },
  howpublished = {\url{https://yutsumura.com/}},
  note = {Accedido el 28 de enero de 2023}
}

@book{andreescu2014essential,
  title={Essential Linear Algebra with Applications},
  author={Andreescu, Titu},
  year={2014},
  publisher={Springer},
  adress={New York},
  isbn={978-0-8176-4636-3}
}

@book{axler2015linear,
  title={Linear Algebra Done Right},
  author={Axler, Sheldon},
  edition={3},
  publisher={Springer},
  year={2015}
}

@book{anton2019elementary,
  title={Elementary Linear Algebra: Applications Version},
  author={Anton, Howard and Rorres, Chris and Kaul, Anton},
  edition={12},
  publisher={Wiley},
  year={2019}
}

 @book{hoffman1973algebra,
  title={Álgebra Lineal},
  author={Hoffman, Kenneth and Kunze, Ray},
  edition={1},
  publisher={Prentice Hall Hispanoamericana},
  year={1973}
}

@book{lay2021linear,
  title={Linear Algebra and Its Applications},
  author={Lay, David C and Lay, Steven R and McDonald, Judi J},
  edition={6},
  publisher={Pearson},
  year={2021}
}

@book{poole2015linear,
  title={Linear Algebra and Its Applications},
  author={Poole, David},
  edition={4},
  publisher={Cengage Learning},
  year={2015}
}

@book{araujo2014algebra,
  author    = {Thelmo Pontes de Araújo},
  title     = {{\'A}lgebra Linear: Teoria e Aplica{\c c}{\~a}o},
  publisher = {Sociedade Brasileira de Matem{\'a}tica},
  series    = {Cole{\c c}{\~a}o Textos Universit{\'a}rios},
  year      = {2014},
  isbn      = {978-85-8337-025-3},
  address   = {Rio de Janeiro, Brasil},
  note      = {Copyright {\copyright} 2014. Direitos reservados pela SBM},
  url       = {http://www.sbm.org.br}
}

